<record><leader>00000cas a22000007a 4500</leader><controlfield tag="001">12383583</controlfield><controlfield tag="008">850814c198u9999njudn ne      0   a0eng d</controlfield><datafield ind1=" " ind2=" " tag="010"><subfield code="a">sn 85006811 </subfield></datafield><datafield ind1=" " ind2=" " tag="040"><subfield code="a">NSD</subfield><subfield code="b">eng</subfield><subfield code="c">NSD</subfield><subfield code="d">OCLCQ</subfield></datafield><datafield ind1=" " ind2=" " tag="012"><subfield code="k">1</subfield><subfield code="m">1</subfield></datafield><datafield ind1="1" ind2=" " tag="022"><subfield code="a">0884-4704</subfield><subfield code="l">0884-4704</subfield><subfield code="y">8750-6491</subfield><subfield code="2">1</subfield></datafield><datafield ind1=" " ind2=" " tag="032"><subfield code="a">005991</subfield><subfield code="b">USPS</subfield></datafield><datafield ind1=" " ind2=" " tag="037"><subfield code="b">The Register, Register Plaza, Shrewsbury, N.J. 07701</subfield></datafield><datafield ind1=" " ind2=" " tag="042"><subfield code="a">nsdp</subfield></datafield><datafield ind1="0" ind2=" " tag="130"><subfield code="a">Register (Shrewsbury, N.J.)</subfield></datafield><datafield ind1=" " ind2="4" tag="222"><subfield code="a">The Register</subfield><subfield code="b">(Shrewsbury, N.J.)</subfield></datafield><datafield ind1="1" ind2="4" tag="245"><subfield code="a">The register.</subfield></datafield><datafield ind1="3" ind2="0" tag="246"><subfield code="a">Sunday register</subfield></datafield><datafield ind1=" " ind2=" " tag="260"><subfield code="a">Shrewsbury, N.J. :</subfield><subfield code="b">Red Bank Register</subfield></datafield><datafield ind1=" " ind2=" " tag="300"><subfield code="a">v.</subfield></datafield><datafield ind1=" " ind2=" " tag="310"><subfield code="a">Daily (except Saturday &amp; holidays),</subfield><subfield code="b">&lt;Oct. 29, 1987-&gt;</subfield></datafield><datafield ind1=" " ind2=" " tag="321"><subfield code="a">Daily (except Saturday),</subfield><subfield code="b">&lt;May 21, 1985-&gt;</subfield></datafield><datafield ind1=" " ind2=" " tag="321"><subfield code="a">Daily,</subfield><subfield code="b">&lt;Dec. 7, 1985-&gt;</subfield></datafield><datafield ind1=" " ind2=" " tag="500"><subfield code="a">Has Sunday edition called: The Sunday register.</subfield></datafield><datafield ind1=" " ind2=" " tag="588"><subfield code="a">Description based on: Vol. 107, no. 276 (Tuesday, May 21, 1985).</subfield></datafield><datafield ind1=" " ind2=" " tag="588"><subfield code="a">Latest issue consulted: Vol. 110, no. 37 (Thursday, Oct. 29, 1987).</subfield></datafield><datafield ind1=" " ind2=" " tag="752"><subfield code="a">United States</subfield><subfield code="b">New Jersey</subfield><subfield code="c">Monmouth</subfield><subfield code="d">Shrewsbury.</subfield></datafield><datafield ind1="0" ind2="0" tag="780"><subfield code="t">Daily register (Shrewsbury, N.J.)</subfield><subfield code="x">8750-6491</subfield><subfield code="w">(OCoLC)11620215</subfield></datafield></record>